@misc{Shah2017TwitterAndroid,
    title = {{Twitter safe search will now automatically hide ‘sensitive’ content on Android}},
    year = {2017},
    author = {Shah, Saqib},
    url = {https://www.digitaltrends.com/social-media/twitter-safety-search-replies/}
}

@article{ShylajaSSAbhishekNarayananAbhijithVenugopal2017DocumentApproach,
    title = {{Document Embedding Generation for Cyber-Aggressive Comment Detection using Supervised Machine Learning Approach}},
    year = {2017},
    journal = {Proc. of ICON},
    author = {Shylaja S S, Abhishek Narayanan, Abhijith Venugopal, Abhishek Prasad},
    pages = {348--355}
}

@article{DespoinaChatzakouNicolasKourtellisJeremyBlackburnEmilianoDeCristofaroGianlucaStringhini2017MeanTwitter,
    title = {{Mean Birds: Detecting Aggression and Bullying on Twitter}},
    year = {2017},
    journal = {WebSci '17 Proceedings of the 2017 ACM on Web Science Conference},
    author = {Despoina Chatzakou, Nicolas Kourtellis, Jeremy Blackburn Emiliano De Cristofaro, Gianluca Stringhini, Athena Vakali},
    pages = {13--22},
    doi = {10.1145/3091478.3091487}
}